
@book{perspectivasSociologicasPeter,
	Author = {Peter Berger},
	Title = {Perspectivas Sociol√≥gicas},
  Publisher = {Vozes},
	Year = {1963}
}

@misc{minhaVidaEmCorDeRosa,
  Title = {Minha Vida em Cor de Rosa},
  Year = {1997},
  Author = {Alain Berliner, Carole Scotta},
  HowPublished = {Filme}
}