%% This BibTeX bibliography file was created using BibDesk.
%% http://bibdesk.sourceforge.net/


%% Created for Lauro Cesar Araujo at 2015-04-27 19:43:45 -0300 


%% Saved with string encoding Unicode (UTF-8) 


@misc{embaixada-cigana,
	Author = {Nicolas Ramanush},
	Date-Added = {2010-05-10},
	Title = {Etnicidades Ciganas do Brasil},
	Url = {http://www.embaixadacigana.org.br/etnicidades_ciganas_no_brasil.html},
	Urlaccessdate = {10 nov 2018},
	Year = {2010}
}

@misc{recebem-imovel,
	Author = {MPF},
	Date-Added = {2013-12-19},
	Title = {Ciganos Calon recebem certidão que reconhece posse de imóvel},
	Url = {http://www.prmg.mpf.mp.br/imprensa/noticias/indios-e-comunidadestradicionais/ciganos-calon-recebem-certidao-que-reconhece-posse-de-imovel-ocupado-ha-30-anos},
	Urlaccessdate = {10 nov 2018},
	Year = {2013}
}

@phdthesis{dilemas-diversidade,
	Address = {Belo Horizonte},
	Author = {Deborah Lima, Helena Dolabela},
	Date-Added = {2015-12-01},
	Month = {dez.},
	School = {Universidade Federal de Minas Gerais},
	Subtitle = {O caso de Ciganos Calon em Belo Horizonte},
	Title = {DILEMAS DA DIVERSIDADE EM UM PROCESSO DE REGULARIZAÇÃO FUNDIÁRIA},
	Year = {2015}
}

@article{ciganos-exclusao,
	Address = {Rio Grande do Norte},
	Author = {Lourival Andrade Junior},
	Date-Added = {2013-12-01},
	Month = {dez.},
	School = {Universidade Federal do Rio Grande do Norte},
	Title = {Os ciganos e os processos de exclusão},
	Year = {2013}
}